%% LaTeX2e file `thesis.bib'
%% generated by the `filecontents' environment
%% from source `main' on 2015/03/30.
%%
%http://en.wikibooks.org/wiki/LaTeX/Bibliography_Management


@article{Brambilla2013a,
    author    = {Manuele Brambilla and Eliseo Ferrante and Mauro Birattari and Marco Dorigo},
    title     = {Swarm robotics: a review from the swarm engineering perspective},
    journal   = {Swarm Intelligence},
    %volume   = {},
    %number   = {},
    %pages    = {},
    year      = {2013},
    %month    = {},
    %note     = {},
}

@inproceedings{podevijn2012self,
  title={Self-organised feedback in human swarm interaction},
  author={Podevijn, Ga{\"e}tan and O’Grady, Rehan and Dorigo, Marco},
  booktitle={Proceedings of the workshop on robot feedback in human-robot interaction: how to make a robot readable for a human interaction partner (Ro-Man 2012)},
  year={2012}
}

@incollection{podevijn2014gesturing,
  title={Gesturing at subswarms: Towards direct human control of robot swarms},
  author={Podevijn, Ga{\"e}tan and O’Grady, Rehan and Nashed, Youssef SG and Dorigo, Marco},
  booktitle={Towards Autonomous Robotic Systems},
  pages={390--403},
  year={2014},
  publisher={Springer}
}

