%% LaTeX2e file `thesis.bib'
%% generated by the `filecontents' environment
%% from source `main' on 2015/03/29.
%%
%http://en.wikibooks.org/wiki/LaTeX/Bibliography_Management


